@misc{datasheet,
    author = {NXP},
    title = {MSC8154E Reference Manual
Quad Core Digital Signal Processor with Security},
    month = JUN,
    year = {2011},
    pages = {1--1852},
    url = {https://www.nxp.com/docs/en/reference-manual/MSC8154ERM.pdf}
}

@misc{datasheet2,
    author = {NXP},
    title = {MSC8154E Product Brief
Broadband Wireless Access DSP With Security},
    month = JUL,
    year = {2011},
    pages = {1--20},
    url = {https://www.nxp.com/docs/en/product-brief/MSC8154EPB.pdf}
}

@misc{datasheet3,
    author = {NXP},
    title = {A Practical Approach to Hardware Semaphores For MCP56xx and MPC57xx Multi-core Qorivva Devices},
    month = JUL,
    year = {2011},
    pages = {1--20},
    url = {https://www.nxp.com/docs/en/application-note/AN4805.pdf}
}
@article{Chang1989,
  doi = {10.1109/12.35842},
  url = {https://doi.org/10.1109/12.35842},
  year = {1989},
  publisher = {Institute of Electrical and Electronics Engineers ({IEEE})},
  volume = {38},
  number = {10},
  pages = {1462--1466},
  author = {C.K. Chang and T.M. Jiang},
  title = {A binary single-key-lock system for access control},
  journal = {{IEEE} Transactions on Computers}
}