@misc{boe124,
    author	= {Ley 18/2021\addcomma de 20 de diciembre\addcomma por la que se modifica el texto refundido de la Ley sobre Tráfico\addcomma Circulación de Vehículos a Motor y Seguridad Vial\addcomma aprobado por el Real Decreto Legislativo 6/2015\addcomma de 30 de octubre\addcomma en materia del permiso y licencia de conducción por puntos (2021)},
    keywords = {bicielec,law,Boe,ley},
	title = {[internet]\textit{ Boletín Oficial del Estado núm. 304, de 21 de diciembre de 2021, páginas 156147 a 156170 (24 págs.) [consultado el 30 de marzo del 2022]}. {D}isponible en  \url{https://www.boe.es/eli/es/l/2021/12/20/18}}
 }
 
 @misc{boe2822,
    author	= {Real Decreto 2822/1998\addcomma de 23 de diciembre\addcomma por el que se aprueba el Reglamento General de Vehículos (1999)},
    keywords = {bicielec,law,Boe,ley},
	title = {[internet]\textit{ Boletín Oficial del Estado núm. 22, de 26 de enero de 1999. [consultado el 26 de marzo de 2022].} {D}isponible en  \url{https://www.boe.es/buscar/act.php?id=BOE-A-1999-1826}}
 }
 
  @misc{euro5,
    author	= {REGLAMENTO (CE) Nº .../2007 sobre la homologación de tipo de los vehículos de motor por lo que se refiere a las emisiones procedentes de turismos y vehículos comerciales ligeros (Euro 5 y Euro 6) y sobre el acceso a la información relativa a la reparación y el mantenimiento de los vehículos},
    keywords = {ciclogasoref, law,Boe,ley},
	title = {[internet]\textit{PARLAMENTO EUROPEO Y DEL CONSEJO [consultado el 29 de marzo de 2022].} {D}isponible en  \url{https://data.consilium.europa.eu/doc/document/ST-3602-2007-REV-2/es/pdf}}
 }
 
@misc{boe11722,
    author	= {Real Decreto Legislativo 6/2015\addcomma de 30 de octubre\addcomma por el que se aprueba el texto refundido de la Ley sobre Tráfico\addcomma Circulación de vehículos a Motor y Seguridad Vial. (2015)},
    keywords = {ciclogasoref,law,Boe,ley},
	title = {[internet]\textit{Boletín Oficial del Estado núm. 261, de 31 de octubre de 2015. [consultado el 26 de marzo 2022].} {D}isponible en  \url{https://www.boe.es/buscar/pdf/2015/BOE-A-2015-11722-consolidado.pdf}}
}

@misc{une60529,
    author	= {Norma Española UNE-EN-60529:2018\addcomma de 25 de abril\addcomma Grados de protección proporcionados por las envolventes (Código IP) (2018)},
    keywords = {nucleoref,law,UNE,ley},
	title = {[internet]\textit{ Norma Española UNE-EN-605923:2018\addcomma de 25 de abril de 2018. [consultado el 10 de marzo de 2022].} {D}isponible en  \url{https://www.une.org/encuentra-tu-norma/busca-tu-norma/norma?c=N0060015}}
}

@misc{dgtciclomotores,
    author	= {DGT (2020)},
    keywords = {ciclogasoref,nolaw,dgt,documento,pdf},
	title = {\textit{Los ciclomotores.} [{D}ocumento {PDF}]. {R}ecuperado de \url{https://www.dgt.es/export/sites/web-DGT/.galleries/downloads/conoce_la_dgt/que-hacemos/educacion-vial/adultos/no-formal/Los_ciclomotores.pdf}}
}

@misc{itvciclomotores,
    author	= {ITV (2020)},
    keywords = {ciclogasoref,nolaw,itv,documento,pdf},
	title = {\textit{Manual de reformas de vehículos.} [{D}ocumento {PDF}]. {R}ecuperado de \url{https://www.aeca-itv.com/wp-content/uploads/2021/01/ManualReformasVehiculosRev6Corr1.pdf}}
}

@misc{dgtpatinete,
    author	= {Dirección general de tráfico (2020)},
    keywords = {patineteelec, nolaw,Boe,ley},
	title = {\textit{Cómo circular en patinete eléctrico.} {R}ecuperado de \url{https://revista.dgt.es/es/noticias/nacional/2020/07JULIO/0715-guia-patinetes-electricos.shtml}}
	}

@misc{normativatallerdelpatinete,
    author	= {Raul},
    keywords = {patineteelec,nolaw,normativa,blog,web},
	title = {\textit{Normativa patinetes eléctricos en Málaga 2021.} {R}ecuperado de \url{https://tallerdelpatinete.es/normativa-patinetes-electricos-en-malaga-2021/}}
}

@misc{cetallerdelpatinete,
    author	= {Raúl (2021)},
    keywords = {patineteelec,nolaw, certificado, blog, web},
	title = {\textit{Descarga los Certificados CE y Fichas Técnicas de Patinetes Eléctricos.} {R}ecuperado de \url{https://tallerdelpatinete.es/descarga-los-certificados-ce-y-fichas-tecnicas-de-patinetes-2021/}}
}

@misc{cetallerdelpatinetedos,
    author	= {Raúl (2021)},
    keywords = {infraestructura,patineteelec,nolaw, certificado, blog, web},
	title = {\textit{Descarga los Certificados CE y Fichas Técnicas de Patinetes Eléctricos.} {R}ecuperado de \url{https://tallerdelpatinete.es/descarga-los-certificados-ce-y-fichas-tecnicas-de-patinetes-2021/}}
}

@misc{ceejemplo,
    author	= {Accesorios Patinete Eléctrico (2020)},
    keywords = {patineteelec,nolaw, certificado,blog,web},
	title = {\textit{Declaración de conformidad de la CE.} {R}ecuperado de \url{https://www.accesoriospatineteelectrico.com/wp-content/uploads/2020/12/Certificado-Xiaomi-PRO-2.pdf}}
}

@misc{aparcamientopatinete,
    author	= {Movilidad Málaga (2020)},
    keywords = {patineteelec,nolaw,movilidad,documento,pdf},
	title = {\textit{Listado oficial reservas patinetes.} {R}ecuperado de \url{https://movilidad.malaga.eu/opencms/export/sites/movilidad/.content/galerias/Documentos-del-site/Listado-reservas-estacionamiento-patinetes.pdf}}
}

@misc{aparcamientopatinetemapa,
    author	= {Movilidad Málaga (2020)},
    keywords = {patineteelec,nolaw,movilidad,documento,pdf},
	title = {\textit{Mapa oficial reservas patinetes.} {R}ecuperado de \url{https://movilidad.malaga.eu/opencms/export/sites/movilidad/.content/galerias/Documentos-del-site/Reservas-estacionamiento-patinetes.pdf}}
}

@misc{infinitoncityjam,
    author	= {PC Componentes (2020)},
    keywords = {nucleoref,nolaw,producto,web,compra},
	title = {\textit{Infiniton CITYjam Pro.} {R}ecuperado de \url{https://www.pccomponentes.com/infiniton-cityjam-pro-patinete-electrico-negro}}
}

@misc{mantenimientopatinete,
    author	= {Pareja\addcomma Rodrigo (2021)},
    keywords = {nucleoref,nolaw,mantenimiento,web,blog},
	title = {{R}ecuperado de \url{https://www.caranddriver.com/es/movilidad/a36738835/patinete-electrico-mantenimiento/}}
}

@misc{recomendacionespatinete,
    author	= {Pareja\addcomma Rodrigo (2021)},
    keywords = {patineteelec,nolaw,recomendaciones,web,blog},
	title = {\textit{Ocho recomendaciones que todo usuario de patinete debe conocer.} {R}ecuperado de \url{https://www.caranddriver.com/es/movilidad/a35585184/patinete-recomendaciones-utilizacion-seguridad/}}
}

@misc{tarifaspatinete1,
    author	= {Clinica de la Bicicleta (2022)},
    keywords = {preciotaller,nolaw,precio,web,tienda},
	title = {\textit{Tarifas de Reparación.} {R}ecuperado de \url{https://www.clinicadelabicicleta.com/content/9-taller-patinete}}
}

@misc{noticiasegurospatinete,
    author	= {La Vanguardia (2021)},
    keywords = {patineteelec,nolaw,seguro,web,blog},
	title = {\textit{¿Me pueden multar por conducir un patinete eléctrico sin seguro?.} {R}ecuperado de \url{https://www.lavanguardia.com/motor/actualidad/20211109/7847490/me-pueden-multar-conducir-patinete-electrico-seguro-rastreator.html}}
}

@misc{noticiasegurospatinete2,
    author	= {Villareal\addcomma David (2022)},
    keywords = {patineteelec,nolaw,seguro,web,blog},
	title = {\textit{El seguro obligatorio para patinetes eléctricos comienza a imponerse a petición de la DGT.} {R}ecuperado de \url{https://www.diariomotor.com/noticia/seguro-patinetes-electricos-comienza-imponerse/}}
}

@misc{instrucciondgt,
    author	= {DGT (2019)},
    keywords = {patineteelec,nolaw,instruccion,web,blog},
	title = {\textit{Nueva Instrucción de la DGT sobre patinetes.} {R}ecuperado de \url{https://revista.dgt.es/es/noticias/nacional/2019/12DICIEMBRE/1204instruccion-dgt-vehiculos-de-movilidad-personal.shtml}}
}

@misc{normativapatinete,
    author	= {Accesorios Patinete Eléctrico (2022)},
    keywords = {patineteelec,nolaw,norma,web,blog},
	title = {\textit{Normativa de patinete eléctrico en 2022: ¿Cúal es la legislación actual? ¿A qué nos obliga la ley cuando conducimos un patinete?.} {R}ecuperado de \url{https://www.accesoriospatineteelectrico.com/blog/normativa-patinete-electrico/}}
}

@misc{preciotallermoto,
    author	= {Club XMAX (2009)},
    keywords = {nolaw,precio,web,blog},
	title = {\textit{Comparación de precios de revisiones.} {R}ecuperado de \url{https://clubxmax.com/comparacion-de-precios-de-revisiones-de-nuestras-xmax-t10020.html}}
}

@misc{preciotallerpati,
    author	= {99 Vatios Electric Mobility (2022)},
    keywords = {nolaw,precio,web,blog},
	title = {\textit{Reparar patinetes.} {R}ecuperado de \url{https://tallerpatinetesvalencia.es/reparar-patinete/}}
}

@misc{historicoluz,
    author	= {Red Eléctrica de España (2022)},
    keywords = {preciotaller,nolaw,precio,web,datos},
	title = {\textit{Precio mercado {S}pot diario {E}spaña.} {R}ecuperado de \url{https://www.esios.ree.es/es/analisis/600?vis=1&start_date=01-01-2021T00\%3A00&end_date=31-12-2021T23\%3A50&compare_start_date=09-10-2020T00\%3A00&groupby=day&geoids=3}}
}

@misc{historicocombustible,
    author	= {Race (2022)},
    keywords = {preciotaller,nolaw,precio, web, datos},
	title = {\textit{Evolución del precio del diésel y la gasolina, ¿qué factores influyen?.} {R}ecuperado de \url{https://www.race.es/evolucion-precio-diesel-gasolina}}
}

@misc{cascopatineteamazon,
    author	= {Amazon (2022)},
    keywords = {nucleoref,nolaw,precio, web, datos},
	title = {\textit{Casco Patinete Eléctrico Adulto con luz Trasera.} {R}ecuperado de \url{https://www.amazon.es/Bicicleta-Integrado-Ciclismo-Trasera-Hombres/dp/B083BSBFWN/ref=sr_1_7?__mk_es_ES=ÅMÅŽÕÑ&crid=12Q5WP8ERPEGL&keywords=casco+patinete&qid=1648329303&sprefix=casco+patinete\%2Caps\%2C126&sr=8-7}}
}

@misc{cascomototeamazon,
    author	= {Amazon (2022)},
    keywords = {nucleoref,nolaw,precio,web,datos},
	title = {\textit{LS2 Casco Moto FF325.} {R}ecuperado de \url{https://www.amazon.es/LS2-503251011L-FF325-Strobe-Tamaño/dp/B00VC3I3R6/ref=sr_1_8?__mk_es_ES=ÅMÅŽÕÑ&crid=DES9SZMO3LAF&keywords=casco\%2Bmoto&qid=1648336251&sprefix=casco\%2Bmoto\%2Caps\%2C143&sr=8-8&th=1&psc=1}}
}

@misc{chalecoamazon,
    author	= {Amazon (2022)},
    keywords = {nucleoref,nolaw,precio,web,datos},
	title = {\textit{Chaleco de Alta Visibilidad.} {R}ecuperado de \url{https://www.amazon.es/Visibilidad-Reflectante-Seguridad-Reflectantes-Senderismo/dp/B08T8ZJRNC/ref=sr_1_17?__mk_es_ES=ÅMÅŽÕÑ&crid=YAF2ILTTDOV3&keywords=chaleco+reflectante+patinete&qid=1648336370&sprefix=chaleco+reflectante+patinete\%2Caps\%2C560&sr=8-17}}
}

@misc{feuvertes,
    author	= {Feuvert (2022)},
    keywords = {bicielec,nolaw,precio, mantenimiento, bicis},
	title = {\textit{Mantenimiento de bicicleta y bicicleta eléctrica.} {R}ecuperado de \url{ https://www.feuvert.es/movilidad-bicis-mantenimiento/r132.html}}
}


@misc{precio_bici,
    author	= {Feuvert (2022)},
    keywords = {bicielec,nolaw,precio, barata, bicis},
	title = {\textit{Las mejores bicicletas eléctricas baratas de 2022.} {R}ecuperado de \url{https://www.almaskater.com/bicicletas-electricas-baratas/}}
}


@misc{precio_luz_bici,
    author	= {},
    keywords = {bicielec,nolaw,precio, luz, horas},
	title = {\textit{Precio luz hoy.} {R}ecuperado de \url{https://tarifaluzhora.es/}}
}

@misc{abrazaderaamazon,
    author	= {Amazon (2022)},
    keywords = {nucleoref,nolaw,precio,web,datos},
	title = {\textit{Soporte para teléfono Scooter Ajustable.} {R}ecuperado de \url{https://www.amazon.es/Linghuang-teléfono-Ajustable-monopatín-eléctrico/dp/B07TZ2W4ZH/ref=sr_1_7?__mk_es_ES=ÅMÅŽÕÑ&crid=1RS03GNJQO21D&keywords=abrazadera+movil+patinete&qid=1648336578&sprefix=abrazadera+movil+patinete\%2Caps\%2C111&sr=8-7}}
}

@misc{mochilaamazon,
    author	= {Amazon (2022)},
    keywords = {nucleoref,nolaw,precio,web,datos},
	title = {\textit{PENGDA Mochila enfriadora de 30 L.} {R}ecuperado de \url{https://www.amazon.es/Cool-Bag-impermeable-capacidad-senderismo/dp/B07FF9J1CQ/ref=sr_1_2?__mk_es_ES=ÅMÅŽÕÑ&crid=2IBDXK5MHOKI7&keywords=mochila+de+reparto&qid=1648336726&sprefix=mochila+de+reparto\%2Caps\%2C116&sr=8-2}}
}

@misc{kymcofichatecnica,
    author	= {Kymco (2021)},
    keywords = {ciclogasoref,nolaw,ficha, ténica, fabricante, web},
	title = {\textit{Ficha técnica Agility Carry 50 (E5).} {R}ecuperado de \url{https://www.kymco.es/prensa/wp-content/uploads/2021/01/20210101-ft-agility-carry-50-e5.pdf}}
}

@misc{apriliafichatecnica,
    author	= {Aprilia (2021)},
    keywords = {ciclogasoref, nolaw,ficha, ténica, fabricante, web},
	title = {\textit{Ficha técnica SXR 50.} {R}ecuperado de \url{https://wlassets.aprilia.com/wlassets/aprilia/es/tech_spec/2021/ES_SXR_50/original/ES_SXR_50.pdf?1623851772391}}
}

@misc{piaggiofichatecnica,
    author	= {Piaggio (2021)},
    keywords = {ciclogasoref, nolaw,ficha, ténica, fabricante, web},
	title = {\textit{Ficha técnica LIBERTY 50.} {R}ecuperado de \url{https://wlassets.piaggio.com/wlassets/piaggio/es/tech_spec/2021/Liberty_50_esp/original/Liberty_50_esp.pdf?1616749881894}}
}

@misc{peugeotfichatecnicaspeed,
    author	= {Peugeot (2022)},
    keywords = {ciclogasoref, nolaw,ficha, ténica, fabricante, web},
	title = {\textit{Ficha técnica SPEEDFIGHT 50 4T EURO 5.} {R}ecuperado de \url{https://www.peugeot-motocycles.es/gama/speedfight-4-50-euro5}}
}

@misc{peugeotfichatecnicars,
    author	= {Peugeot (2022)},
    keywords = {ciclogasoref, nolaw,ficha, ténica, fabricante, web},
	title = {\textit{Ficha técnica PEUGEOT TWEET 50 RS EURO 5.} {R}ecuperado de \url{https://www.peugeot-motocycles.es/gama/tweet-50-rs-euro5}}
}

@misc{apriliasxr50,
    author	= {Fichas motor (2022)},
    keywords = {ciclogasoref, nolaw,ficha, ténica, fabricante, web},
	title = {\textit{Ficha técnica PEUGEOT TWEET 50 RS EURO 5.} {R}ecuperado de \url{https://www.peugeot-motocycles.es/gama/tweet-50-rs-euro5}}
}

@misc{kymcagility50,
    author	= {ciclogasoref, Elliot Motors (2022)},
    keywords = {nolaw,ficha, ténica, fabricante, web},
	title = {\textit{Ficha técnica KYMCO – AGILITY CARRY 50 E5.} {R}ecuperado de \url{https://www.elliotmotorsbcn.com/kymco-agility-carry-50-e5/}}
}

@misc{motormapfre,
    author	= {canalMotor (2018)},
    keywords = {ciclogasoref, nolaw,blog, web},
	title = {\textit{Diferencia entre ciclomotor y motocicleta.} {R}ecuperado de \url{https://www.motor.mapfre.es/motos/noticias-motos/diferencia-entre-ciclomotor-y-motocicleta/}}
}

@misc{zaask,
    author	= {Zaask (2022)},
    keywords = {infraestructura,nolaw, precio, web, datos},
	title = {\textit{Empresa de Presupuestado de Proyectos.} {D}isponible en  \url{https://www.zaask.es/}}
}

@misc{zaaskpc,
    author	= {Zaask (2022)},
    keywords = {infraestructura,nolaw, precio, web, datos},
	title = {\textit{Coste del servicio de cimentación.} {D}isponible en  \url{https://www.zaask.es/cuanto-cuesta/cimentacion}}
}

@misc{fixr,
    author	= {FIXr (2022)},
    keywords = {infraestructura,nolaw, precio, web, datos},
	title = {\textit{Empresa de Presupuestado de Proyectos de Obra.} {D}isponible en  \url{https://www.fixr.es/}}
}

@misc{ordmalaga,
    author	= {Ayuntamiento Málaga (2008)},
    keywords = {infraestructura,nolaw, ordenanza municipal},
	title = {\textit{Ordenanza municipal Ayto. Málaga: Anexo diciembre 09.} {D}isponible en  \url{https://www.malaga.eu/visorcontenido/NRMDocumentDisplayer/DocumentoNormativa474?id_contenido=474}}
}

@misc{cronoshare,
    author	= {CronoShare (2022)},
    keywords = {infraestructura,nolaw, precio, web, datos},
	title = {\textit{Cuanto cuesta Asfaltar.} {D}isponible en},
	url = {https://www.cronoshare.com/cuanto-cuesta/asfaltar#:~:text=se\%20pueden\%20elegir\%3F-,\%C2\%BFCu\%C3\%A1nto\%20cuesta\%20el\%20asfaltado\%3F,40\%20o\%2060\%20\%E2\%82\%AC\%2Fm2.}
}

@misc{boe-A-2001-809,
    author	= {Real Decreto 3484/2000\addcomma de 29 de diciembre\addcomma por el que se establecen 
    las normas de higiene para la elaboración\addcomma distribución y comercio de comidas preparadas.},
    keywords = {law,Boe,ley},
	title = {[internet]\textit{ Boletín Oficial del Estado núm. 11, de 12 de enero de 2001. [consultado el 28 de marzo de 2022].} {D}isponible en  \url{https://www.boe.es/buscar/pdf/2001/BOE-A-2001-809-consolidado.pdf}}
}


@misc{decathlons5b,
    author	= {Decathlon (2022)},
    keywords = {infraestructura,nolaw, precio, web, datos},
	title = {\textit{Soporte 5 bicicletas DECATHLON.} {D}isponible en  \url{https://www.decathlon.es/es/p/soporte-5-bicicletas/_/R-p-120051?mc=8357648&LGWCODE=2&gclid=CjwKCAjwuYWSBhByEiwAKd_n_vFgjLY2N_Jz5duzO9BDlp58z_-e6-1TKJkMLqTbG3sCSjEl8hcWKxoC6NcQAvD_BwE&gclsrc=aw.ds&_adin=11551547647}}
}

@misc{decathloncb,
    author	= {Decathlon (2022)},
    keywords = {infraestructura,nolaw, precio, web, datos},
	title = {\textit{CANDADO BICICLETA EN U 920 Elops DECATHLON.} {D}isponible en  \url{https://www.decathlon.es/es/p/candado-bicicleta-en-u-920/_/R-p-145313?mc=8331481&c=NEGRO}}
}

@misc{aparcapatinetes,
    author	= {RacNet (2022)},
    keywords = {infraestructura,nolaw, precio, web, datos},
	title = {\textit{Aparcapatinetes Eléctricos - RacNet.} {D}isponible en  \url{https://www.racnet.es/aparcapatinetes-e-scooter-b803/?otcountry=ES&sku=APSCOOTERG1-5P&gclid=CjwKCAjwuYWSBhByEiwAKd_n_tPLkowHsPxnVttaFCVdUe_-DyEquG0JQhBnjU1hEuumFb9Y-37IExoCVaEQAvD_BwE}}
}

@misc{decathloncp,
    author	= {Decathlon (2022)},
    keywords = {nolaw, precio, web, datos},
	title = {\textit{Masterlock candado-esposas patinete MASTER LOCK | DECATHLON.} {D}isponible en  \url{https://www.decathlon.es/es/p/masterlock-candado-esposas-patinete/_/R-p-326772?mc=964553&LGWCODE=2&gclid=CjwKCAjwuYWSBhByEiwAKd_n_sRXl490C8hEVoheJ8MwG0Tga4jFZzTyb4TGnsh5t3SWAitjn4RrfhoCsaUQAvD_BwE&gclsrc=aw.ds&_adin=11551547647}}
}

@misc{emoonmedidas,
    author	= {Bicicleta Eléctrica Online (2022)},
    keywords = {infraestructura,nolaw, precio, web, datos},
	title = {\textit{Revisión de Schiano E-Moon Bicicleta Eléctrica Online.} {D}isponible en  \url{https://bicicletaelectricaonline.com/marcas/revision-de-schiano-e-moon/}}
}

@misc{fixrgaraje,
    author	= {FIXr (2022)},
    keywords = {infraestructura,nolaw, precio, web, datos},
	title = {\textit{Precio de un garaje prefabricado.} {D}isponible en  \url{https://www.fixr.es/guias-de-precios/garaje-prefabricado}}
}

@misc{pergolasecoclima,
    author	= {Pergolas Ecoclima (2022)},
    keywords = {nolaw, precio, web, datos},
	title = {\textit{¿Cual es el precio pérgola aluminio?} {D}isponible en  \url{https://pergolasecoclima.com/cual-es-el-precio-pergola-aluminio/}}
}

@misc{maletero,
    author	= {Google (2022)},
    keywords = {nucleoref,nolaw,precio, web, datos},
	title = {\textit{Puig Baúl con Tirador Maxi Box.} {R}ecuperado de \url{https://www.google.com/shopping/product/17777509629699892073?q=Maletero+para+reparto+motocicletas&bih=1041&biw=2133&rlz=1C1ONGR_esES977ES977&hl=es&prds=eto:3844138057990668588_0&sa=X&ved=0ahUKEwjC_ZH6ven2AhUiSfEDHXj0AeoQ8gIIowooAA}}
}
	
	
@misc{zaaskiem,
    author	= {Zaask (2022)},
    keywords = {infraestructura,nolaw, precio, web, datos},
	title = {\textit{¿Cuánto cuesta una instalación eléctrica exterior.} {D}isponible en  \url{https://www.zaask.es/cuanto-cuesta/trabajos-de-electricidad-instalacion-electrica-exterior}}
}

@misc{manualmotoe,
    author	= {manualslib (2022)},
    keywords = {infraestructura,nolaw, manual, web, datos},
	title = {\textit{ASKLO ES1 MANUAL DE USO Y MANTENIMIENTO.} {D}isponible en  \url{https://www.manualslib.es/manual/223162/Askoll-Es1.html?page=65}}
}	

@misc{ciclomotoresdgt,
    author	= {DGT (2022)},
    keywords = {nolaw, manual, web, datos},
	title = {\textit{MATRICULACIÓN DE VEHÍCULOS NUEVOS Y VEHÍCULOS PROVENIENTES DEL EXTRANJERO.} {D}isponible en  \url{https://sede.dgt.gob.es/es/vehiculos/matriculaciones-de-vehiculos/matriculacion-ordinaria/index.shtml}}
}	

@misc{eliotmotor,
    author	= {Eliot Motors (2022)},
    keywords = {infraestructura,nolaw, manual, web, datos},
	title = {\textit{KYMCO - AGILITY CARRY 50 E5 - Eliot Motor Barcelona.} {D}isponible en  \url{https://www.elliotmotorsbcn.com/kymco-agility-carry-50-e5/}}
}	

@misc{motofichas,
    author	= {motofichas.com (2022)},
    keywords = {infraestructura,nolaw, manual, web, datos},
	title = {\textit{KYMCO Agility Carry 125 2021-2022 precio ficha y opiniones.} {D}isponible en  \url{https://www.motofichas.com/marcas/kymco/agility-carry-125}}
}	

@misc{manualkymcociclomotor,
    author	= {Kymco (2021)},
    keywords = {nucleoref,nolaw, manual, web, datos},
	title = {\textit{KYMCO Agility Carry 50 Manual de usuario.} {D}isponible en  \url{https://www.kymco.es/storage/app/media/products/agility-city-50/descargables/ManualUsuario_AgilityCity50.pdf}}
}	

@misc{guiapracapdr,
    author	= {Junta de Andalucía (2021)},
    keywords = {nucleoref,law, pdf, web},
	title = {\textit{Guia Práctica de Aplicación de Declaración Responsable Y Comunicación Previa En Materia de Urbanismo.} {D}isponible en  \url{https://www.juntadeandalucia.es/export/drupaljda/02_guia_practica_aplicacion_dr_cp_en_materia_de_urbanismo.pdf}}
}	

